%YAML 1.1
%TAG !u! tag:unity3d.com,2011:
--- !u!1 &4078169407631387667
GameObject:
  m_ObjectHideFlags: 0
  m_CorrespondingSourceObject: {fileID: 0}
  m_PrefabInstance: {fileID: 0}
  m_PrefabAsset: {fileID: 0}
  serializedVersion: 6
  m_Component:
  - component: {fileID: 4078169407631387665}
  - component: {fileID: 4078169407631387666}
  - component: {fileID: 4078169407631387664}
  - component: {fileID: 1445187315}
  m_Layer: 0
  m_Name: pre_Juicer
  m_TagString: Untagged
  m_Icon: {fileID: 0}
  m_NavMeshLayer: 0
  m_StaticEditorFlags: 0
  m_IsActive: 1
--- !u!4 &4078169407631387665
Transform:
  m_ObjectHideFlags: 0
  m_CorrespondingSourceObject: {fileID: 0}
  m_PrefabInstance: {fileID: 0}
  m_PrefabAsset: {fileID: 0}
  m_GameObject: {fileID: 4078169407631387667}
  m_LocalRotation: {x: 0, y: 0, z: 0, w: 1}
  m_LocalPosition: {x: 2.7293038, y: -0.41740122, z: -1.1601562}
  m_LocalScale: {x: 1, y: 1, z: 1}
  m_Children: []
  m_Father: {fileID: 0}
  m_RootOrder: 0
  m_LocalEulerAnglesHint: {x: 0, y: 0, z: 0}
--- !u!114 &4078169407631387666
MonoBehaviour:
  m_ObjectHideFlags: 0
  m_CorrespondingSourceObject: {fileID: 0}
  m_PrefabInstance: {fileID: 0}
  m_PrefabAsset: {fileID: 0}
  m_GameObject: {fileID: 4078169407631387667}
  m_Enabled: 1
  m_EditorHideFlags: 0
  m_Script: {fileID: 11500000, guid: 4dc96b28839b84741ab0524554ef8816, type: 3}
  m_Name: 
  m_EditorClassIdentifier: 
  particles:
  - {fileID: 0}
  - {fileID: 5185048513518547063, guid: 58d183064d3b3994788e49bd76b66fde, type: 3}
  - {fileID: 5185048513518547063, guid: da3cef33deabbfb4b9e2e6d1b20466da, type: 3}
  - {fileID: 0}
  slashSound: event:/Foley/SwingEx
  playerDamageSound: event:/Character/MachinaHurt
  playerDeathSound: event:/Character/MachinaDeath
  playerNearDeathSound: 
  playerJumpSound: event:/Foley/Jump
  clashSound: event:/Foley/StrikeMetal
  screenShakeEvent:
    m_PersistentCalls:
      m_Calls:
      - m_Target: {fileID: 1445187315}
        m_MethodName: GenerateImpulse
        m_Mode: 1
        m_Arguments:
          m_ObjectArgument: {fileID: 0}
          m_ObjectArgumentAssemblyTypeName: UnityEngine.Object, UnityEngine
          m_IntArgument: 0
          m_FloatArgument: 0
          m_StringArgument: 
          m_BoolArgument: 0
        m_CallState: 2
  impulseDef:
    m_ImpulseChannel: 1
    m_RawSignal: {fileID: 11400000, guid: 5c0f37ddac97a9c4a98eedd39e2db1dc, type: 2}
    m_AmplitudeGain: 1
    m_FrequencyGain: 1
    m_RepeatMode: 0
    m_Randomize: 1
    m_TimeEnvelope:
      m_AttackShape:
        serializedVersion: 2
        m_Curve: []
        m_PreInfinity: 2
        m_PostInfinity: 2
        m_RotationOrder: 4
      m_DecayShape:
        serializedVersion: 2
        m_Curve: []
        m_PreInfinity: 2
        m_PostInfinity: 2
        m_RotationOrder: 4
      m_AttackTime: 0
      m_SustainTime: 0.2
      m_DecayTime: 0.7
      m_ScaleWithImpact: 1
      m_HoldForever: 0
    m_ImpactRadius: 100
    m_DirectionMode: 0
    m_DissipationMode: 2
    m_DissipationDistance: 1000
    m_PropagationSpeed: 343
  source: {fileID: 1445187315}
--- !u!114 &4078169407631387664
MonoBehaviour:
  m_ObjectHideFlags: 0
  m_CorrespondingSourceObject: {fileID: 0}
  m_PrefabInstance: {fileID: 0}
  m_PrefabAsset: {fileID: 0}
  m_GameObject: {fileID: 4078169407631387667}
  m_Enabled: 1
  m_EditorHideFlags: 0
  m_Script: {fileID: 11500000, guid: f3fe984997ad302409b2ad4e270c1c8b, type: 3}
  m_Name: 
  m_EditorClassIdentifier: 
  predefinedPools:
  - sourcePrefab: {fileID: 5185048513518547063, guid: da3cef33deabbfb4b9e2e6d1b20466da,
      type: 3}
    Capacity: 5
    PreloadCount: 5
    NotificationType: 1
    WarmOnLoad: 1
    ParentOnCache: 0
    useCustomID: 1
    customID: 3953
    cached_internal: 0
  - sourcePrefab: {fileID: 5185048513518547063, guid: 58d183064d3b3994788e49bd76b66fde,
      type: 3}
    Capacity: 5
    PreloadCount: 5
    NotificationType: 1
    WarmOnLoad: 1
    ParentOnCache: 0
    useCustomID: 1
    customID: 1869
    cached_internal: 0
--- !u!114 &1445187315
MonoBehaviour:
  m_ObjectHideFlags: 0
  m_CorrespondingSourceObject: {fileID: 0}
  m_PrefabInstance: {fileID: 0}
  m_PrefabAsset: {fileID: 0}
  m_GameObject: {fileID: 4078169407631387667}
  m_Enabled: 1
  m_EditorHideFlags: 0
  m_Script: {fileID: 11500000, guid: 180ecf9b41d478f468eb3e9083753217, type: 3}
  m_Name: 
  m_EditorClassIdentifier: 
  m_ImpulseDefinition:
    m_ImpulseChannel: 1
    m_RawSignal: {fileID: 11400000, guid: 5c0f37ddac97a9c4a98eedd39e2db1dc, type: 2}
    m_AmplitudeGain: 1
    m_FrequencyGain: 1
    m_RepeatMode: 0
    m_Randomize: 1
    m_TimeEnvelope:
      m_AttackShape:
        serializedVersion: 2
        m_Curve: []
        m_PreInfinity: 2
        m_PostInfinity: 2
        m_RotationOrder: 4
      m_DecayShape:
        serializedVersion: 2
        m_Curve: []
        m_PreInfinity: 2
        m_PostInfinity: 2
        m_RotationOrder: 4
      m_AttackTime: 0
      m_SustainTime: 0.2
      m_DecayTime: 0.7
      m_ScaleWithImpact: 1
      m_HoldForever: 0
    m_ImpactRadius: 100
    m_DirectionMode: 0
    m_DissipationMode: 2
    m_DissipationDistance: 1000
    m_PropagationSpeed: 343
